@book {bos18,
    AUTHOR = {Bosch, Siegfried},
     TITLE = {Algebra---from the viewpoint of {G}alois theory},
    SERIES = {Birkh\"{a}user Advanced Texts: Basler Lehrb\"{u}cher. [Birkh\"{a}user
              Advanced Texts: Basel Textbooks]},
   EDITION = {German},
 PUBLISHER = {Birkh\"{a}user/Springer, Cham},
      YEAR = {2018},
     PAGES = {viii+367},
      ISBN = {978-3-319-95176-8; 978-3-319-95177-5},
   MRCLASS = {12-01 (12Fxx 13-01 16-01 20-01)},
  MRNUMBER = {3887555},
       DOI = {10.1007/978-3-319-95177-5},
       URL = {https://doi.org/10.1007/978-3-319-95177-5},
}

@book {har77,
    AUTHOR = {Hartshorne, Robin},
     TITLE = {Algebraic geometry},
      NOTE = {Graduate Texts in Mathematics, No. 52},
 PUBLISHER = {Springer-Verlag, New York-Heidelberg},
      YEAR = {1977},
     PAGES = {xvi+496},
      ISBN = {0-387-90244-9},
   MRCLASS = {14-01},
  MRNUMBER = {0463157},
MRREVIEWER = {Robert Speiser},
}

@misc{stacks,
  author       = {The {Stacks project authors}},
  title        = {The Stacks project},
  howpublished = {\url{https://stacks.math.columbia.edu}},
  year         = {2020},
}
